@book{engineering-a-compiler,
  author    = {Torczon, Linda and Cooper, Keith},
  title     = {Engineering A Compiler},
  year      = {2007},
  isbn      = {012088478X},
  publisher = {Morgan Kaufmann Publishers Inc.},
  address   = {San Francisco, CA, USA},
  edition   = {2nd},
  pages     = {86-71}
}

@book{nystrom2021crafting,
  title     = {Crafting Interpreters},
  author    = {Nystrom, R.},
  isbn      = {9780990582939},
  url       = {https://books.google.com.mt/books?id=ySOBzgEACAAJ},
  year      = {2021},
  publisher = {Genever Benning}
}

@website{rustlangScopeShadowing,
  author       = {},
  title        = {{S}cope and {S}hadowing - {R}ust {B}y {E}xample --- doc.rust-lang.org},
  howpublished = {\url{https://doc.rust-lang.org/rust-by-example/variable_bindings/scope.html}},
  year         = {},
  note         = {[Accessed 26-05-2024]}
}